
@misc{ecdc_aedes_2020,
  title = {Aedes Japonicus - Current Known Distribution: {{September}} 2020},
  author = {{ECDC}},
  year = {2020},
  url = {https://www.ecdc.europa.eu/en/publications-data/aedes-japonicus-current-known-distribution-september-2020},
  urldate = {2021-02-15},
  journal = {European Centre for Disease Prevention and Control}
}

@article{caputo_zanzamapp_2020,
  title = {{{ZanzaMapp}}: {{A}} Scalable Citizen Science Tool to Monitor Perception of Mosquito Abundance and Nuisance in {{Italy}} and Beyond.},
  author = {Caputo, B and Manica, M and Filipponi, F and Blangiardo, M and Cobre, P and Delucchi, L and De Marco, Cm and Iesu, L and Morano, P and Petrella, V and Salvemini, M and Bianchi, C and Della Torre, A},
  year = {2020},
  volume = {17},
  doi = {10.3390/ijerph17217872},
  journal = {International Journal of Environmental Research and Public Health},
  number = {21}
}

@article{bartumeus_citizen_2018,
  title = {Citizen Science: {{A}} Gateway for Innovation in Disease-Carrying Mosquito Management?},
  author = {Bartumeus, Frederic and Oltra, Aitana and Palmer, John R. B.},
  year = {2018},
  volume = {34},
  pages = {727--729},
  doi = {10.1016/j.pt.2018.04.010},
  journal = {Trends in Parasitology},
  number = {9}
}

@misc{ecdc_japonicus_2014a,
  title = {\textit{{{Aedes japonicus}}} - {{Factsheet}} for Experts},
  author = {{ECDC}},
  year = {2014},
  url = {https://www.ecdc.europa.eu/en/disease-vectors/facts/mosquito-factsheets/aedes-japonicus},
  urldate = {2021-01-31},
  journal = {European Centre for Disease Prevention and Control}
}

@article{walther_citizen_2017,
  title = {The Citizen Science Project `{{Mueckenatlas}}' Helps Monitor the Distribution and Spread of Invasive Mosquito Species in {{Germany}}},
  author = {Walther, Doreen and Kampen, Helge},
  year = {2017},
  volume = {54},
  pages = {1790--1794},
  doi = {10.1093/jme/tjx166},
  journal = {Journal of Medical Entomology},
  number = {6}
}

@article{kampen_approaches_2015,
  title = {Approaches to Passive Mosquito Surveillance in the {{EU}}},
  author = {Kampen, Helge and Medlock, Jolyon M. and Vaux, Alexander GC and Koenraadt, Constantianus JM and van Vliet, Arnold JH and Bartumeus, Frederic and Oltra, Aitana and Sousa, Carla A. and Chouin, S{\'e}bastien and Werner, Doreen},
  year = {2015},
  volume = {8},
  pages = {9},
  doi = {10.1186/s13071-014-0604-5},
  copyright = {2015 Kampen et al.; licensee BioMed Central.},
  journal = {Parasites \& Vectors},
  number = {1}
}

@article{medlock_entomological_2015,
  title = {An Entomological Review of Invasive Mosquitoes in {{Europe}}},
  author = {Medlock, J. M. and Hansford, K. M. and Versteirt, V. and Cull, B. and Kampen, H. and Fontenille, D. and Hendrickx, G. and Zeller, H. and Van Bortel, W. and Schaffner, F.},
  year = {2015},
  volume = {105},
  pages = {637--663},
  doi = {10.1017/S0007485315000103},
  journal = {Bulletin of Entomological Research},
  number = {6}
}

@article{becker_mosquitoes_2014,
  title = {Mosquitoes as vectors for exotic pathogens in {{Germany}}},
  author = {Becker, N and Krueger, A and Kuhn, C and {Plenge-Boenig}, A and Thomas, Sm and {Schmidt-Chanasit}, J and Tannich, E},
  year = {2014/05, 2014},
  volume = {57},
  pages = {531--540},
  doi = {10.1007/s00103-013-1918-8},
  journal = {Bundesgesundheitsblatt, Gesundheitsforschung, Gesundheitsschutz},
  number = {5}
}

@article{kerkow_what_2019,
  title = {What makes the {{Asian}} bush mosquito \textit{{{Aedes}} japonicus japonicus} feel comfortable in {{Germany}}? {{A}} fuzzy modelling approach},
  author = {Kerkow, Antje and Wieland, Ralf and Koban, Marcel B. and HÃ¶lker, Franz and Jeschke, Jonathan M. and Werner, Doreen and Kampen, Helge},
  date = {2019-03-14},
  journaltitle = {Parasites \& Vectors},
  shortjournal = {Parasites Vectors},
  volume = {12},
  pages = {106},
  doi = {10.1186/s13071-019-3368-0},
  langid = {english},
  number = {1}
}