
@article{kerkow_what_2019,
  title = {What makes the {{Asian}} bush mosquito \textit{{{Aedes}} japonicus japonicus} feel comfortable in {{Germany}}? {{A}} fuzzy modelling approach},
  volume = {12},
  issn = {1756-3305},
  doi = {10.1186/s13071-019-3368-0},
  number = {1},
  journal = {Parasites \& Vectors},
  author = {Kerkow, Antje and Wieland, Ralf and Koban, Marcel B. and H\"olker, Franz and Jeschke, Jonathan M. and Werner, Doreen and Kampen, Helge},
  month = mar,
  year = {2019},
  pages = {106}
}

@article{rubel_explaining_2008,
	title = {Explaining {Usutu} virus dynamics in {Austria}: model development and calibration},
	volume = {85},
	issn = {0167-5877},
	doi = {10.1016/j.prevetmed.2008.01.006},
	number = {3-4},
	journal = {Preventive Veterinary Medicine},
	author = {Rubel, Franz and Brugger, Katharina and Hantel, Michael and Chvala-Mannsberger, Sonja and Bakonyi, Tamás and Weissenböck, Herbert and Nowotny, Norbert},
	month = jul,
	year = {2008},
	pages = {166--186}
}

@article{laperriere_simulation_2011,
  title = {Simulation of the Seasonal Cycles of Bird, Equine and Human {{West Nile}} virus cases},
  volume = {98},
  issn = {0167-5877},
  doi = {10.1016/j.prevetmed.2010.10.013},
  number = {2},
  journal = {Preventive Veterinary Medicine},
  author = {Laperriere, Vincent and Brugger, Katharina and Rubel, Franz},
  month = feb,
  year = {2011},
  pages = {99-110}
}

@article{deoya_high_2018,
  title = {High Susceptibility of Magpie (\textit{{{Pica}} pica}) to experimental infection with lineage 1 and 2 {{West Nile}} virus},
  volume = {12},
  issn = {1935-2735},
  doi = {10.1371/journal.pntd.0006394},
  number = {4},
  journal = {PLOS Neglected Tropical Diseases},
  author = {de Oya, Nereida Jim\'enez and Camacho, Mar\'ia-Cruz and Bl\'azquez, Ana-Bel\'en and {Lima-Barbero}, Jos\'e-Francisco and Saiz, Juan-Carlos and H\"ofle, Ursula and {Escribano-Romero}, Estela},
  month = apr,
  year = {2018},
  pages = {e0006394}
}

@article{chancey_global_2015,
  title = {The Global Ecology and Epidemiology of {{West Nile}} virus},
  volume = {2015},
  doi = {https://doi.org/10.1155/2015/376230},
  number = {376230},
  journal = {BioMed Research International},
  author = {Chancey, Caren and Grinev, Andriyan and Volkova, Evgeniya and Rios, Maria},
  year = {2015},
  pages = {20}
}

@article{walther_citizen_2017,
  title = {The Citizen Science Project ``{{Mueckenatlas}}'' Helps Monitor the Distribution and Spread of Invasive Mosquito Species in {{Germany}}},
  volume = {54},
  number = {6},
  journal = {Journal of Medical Entomology},
  doi = {10.1093/jme/tjx166},
  author = {Walther, Doreen and Kampen, Helge},
  year = {2017},
  pages = {1790-1794}
}

@article{werner_further_2013,
  title = {The Further Spread of \textit{{{Aedes}} japonicus japonicus}},
  volume = {112},
  number = {10},
  journal = {Parasitology Research},
  doi = {10.1007/s00436-013-3564-3},
  author = {Werner, Doreen and Kampen, Helge},
  year = {2013},
  pages = {3665-3668}
}

@article{koban_asian_2019,
  title = {The {{Asian}} Bush Mosquito \textit{{{Aedes}} japonicus japonicus} ({{Diptera}}: {{Culicidae}}) in {{Europe}}, 17 Years after Its First Detection, with a Focus on Monitoring Methods},
  volume = {12},
  number = {1},
  journal = {Parasites \& Vectors},
  doi = {10.1186/s13071-019-3349-3},
  author = {Koban, Marcel B. and Kampen, Helge and Scheuch, Dorothee E. and Frueh, Linus and Kuhlisch, Cornelius and Janssen, Nele and Steidle, Johannes L. M. and Schaub, G\"unter A. and Werner, Doreen},
  year = {2019},
  pages = {109}
}

@article{gray_review_2014,
  title = {A Review of the Epidemiological and Clinical Aspects of {{West Nile}} Virus},
  volume = {7},
  journal = {International Journal of General Medicine},
  doi = {10.2147/IJGM.S59902},
  author = {Gray, Timothy J and Webb, Cameron E},
  year = {2014},
  pages = {193-203}
}

@article{yaremych_west_2004,
  title = {West {{Nile}} Virus and High Death Rate in {{American}} Crows},
  author = {Yaremych, Sarah A. and Warner, Richard E. and Mankin, Phil C. and Brawn, Jeff D. and Raim, Arlo and Novak, Robert},
  year = {2004},
  volume = {10},
  pages = {709--711},
  doi = {10.3201/eid1004.030499},
  journal = {Emerging Infectious Diseases},
  number = {4}
}

@article{brock_calculating_1981,
  title = {Calculating Solar Radiation for Ecological Studies},
  author = {Brock, Thomas D.},
  year = {1981},
  volume = {14},
  pages = {1--19},
  doi = {10.1016/0304-3800(81)90011-9},
  journal = {Ecological Modelling},
  number = {1}
}

@article{fruh_modelling_2018,
	title = {Modelling the potential distribution of an invasive mosquito species: comparative evaluation of four machine learning methods and their combinations},
	volume = {388},
	issn = {0304-3800},
	doi = {10.1016/j.ecolmodel.2018.08.011},
	journal = {Ecological Modelling},
	author = {Fr{\"u}h, Linus and Kampen, Helge and Kerkow, Antje and Schaub, G{\"u}nter A. and Walther, Doreen and Wieland, Ralf},
	month = sep,
	year = {2018},
	pages = {136--144}
}

@article{wieland_automated_2017,
	title = {Automated feature selection for a machine learning approach toward modeling a mosquito distribution},
	volume = {352},
	issn = {0304-3800},
	doi = {10.1016/j.ecolmodel.2017.02.029},
	journal = {Ecological Modelling},
	author = {Wieland, Ralf and Kerkow, Antje and Fr{\"u}h, Linus and Kampen, Helge and Walther, Doreen},
	month = may,
	year = {2017},
	pages = {108--112}
}